@inproceedings{Rai:Zee,
 author = {Rai, Anshul and Chintalapudi, Krishna Kant and Padmanabhan, Venkata N. and Sen, Rijurekha},
 title = {Zee: Zero-effort Crowdsourcing for Indoor Localization},
 booktitle = {Proceedings of the 18th Annual International Conference on Mobile Computing and Networking},
 series = {Mobicom '12},
 year = {2012},
 isbn = {978-1-4503-1159-5},
 location = {Istanbul, Turkey},
 pages = {293--304},
 numpages = {12},
 url = {http://doi.acm.org/10.1145/2348543.2348580},
 doi = {10.1145/2348543.2348580},
 acmid = {2348580},
 publisher = {ACM},
 address = {New York, NY, USA},
 keywords = {calibration free, indoor, localization, particle filter, wifi},
}

@inproceedings{Eriksson:The_Pothole_Patrol,
 author = {Eriksson, Jakob and Girod, Lewis and Hull, Bret and Newton, Ryan and Madden, Samuel and Balakrishnan, Hari},
 title = {The Pothole Patrol: Using a Mobile Sensor Network for Road Surface Monitoring},
 booktitle = {Proceedings of the 6th International Conference on Mobile Systems, Applications, and Services},
 series = {MobiSys '08},
 year = {2008},
 isbn = {978-1-60558-139-2},
 location = {Breckenridge, CO, USA},
 pages = {29--39},
 numpages = {11},
 url = {http://doi.acm.org/10.1145/1378600.1378605},
 doi = {10.1145/1378600.1378605},
 acmid = {1378605},
 publisher = {ACM},
 address = {New York, NY, USA},
 keywords = {mobile sensing, road surface monitoring},
}

@inproceedings{Wang:UnLoc,
 author = {Wang, He and Sen, Souvik and Elgohary, Ahmed and Farid, Moustafa and Youssef, Moustafa and Choudhury, Romit Roy},
 title = {No Need to War-drive: Unsupervised Indoor Localization},
 booktitle = {Proceedings of the 10th International Conference on Mobile Systems, Applications, and Services},
 series = {MobiSys '12},
 year = {2012},
 isbn = {978-1-4503-1301-8},
 location = {Low Wood Bay, Lake District, UK},
 pages = {197--210},
 numpages = {14},
 url = {http://doi.acm.org/10.1145/2307636.2307655},
 doi = {10.1145/2307636.2307655},
 acmid = {2307655},
 publisher = {ACM},
 address = {New York, NY, USA},
 keywords = {landmarks, location, mobile phones, recursion, sensing},
}

@inproceedings{Constandache:Did_You_See_Bob,
 author = {Constandache, Ionut and Bao, Xuan and Azizyan, Martin and Choudhury, Romit Roy},
 title = {Did You See Bob?: Human Localization Using Mobile Phones},
 booktitle = {Proceedings of the Sixteenth Annual International Conference on Mobile Computing and Networking},
 series = {MobiCom '10},
 year = {2010},
 isbn = {978-1-4503-0181-7},
 location = {Chicago, Illinois, USA},
 pages = {149--160},
 numpages = {12},
 url = {http://doi.acm.org/10.1145/1859995.1860013},
 doi = {10.1145/1859995.1860013},
 acmid = {1860013},
 publisher = {ACM},
 address = {New York, NY, USA},
 keywords = {localization, mobile phones, navigation, sensors},
}

@INPROCEEDINGS{Choudhury:CompAcc,
author={Constandache, I. and Choudhury, R.R. and Rhee, I.},
booktitle={INFOCOM, 2010 Proceedings IEEE},
title={Towards Mobile Phone Localization without War-Driving},
year={2010},
pages={1-9},
keywords={accelerometers;cartography;mobile handsets;mobility management (mobile radio);pattern matching;Nokia phones;accelerometers;electronic compasses;human-scale environments;local electronic map;mobile phone localization;noisy phone sensors;person walking pattern matching;person walking pattern recording;Accelerometers;Batteries;Communications Society;Energy efficiency;Explosions;GSM;Global Positioning System;Legged locomotion;Mobile handsets;USA Councils},
doi={10.1109/INFCOM.2010.5462058},
ISSN={0743-166X},
}

@inproceedings{Robertson:Foot-mounted_Inertial,
 author = {Robertson, Patrick and Angermann, Michael and Krach, Bernhard},
 title = {Simultaneous Localization and Mapping for Pedestrians Using Only Foot-mounted Inertial Sensors},
 booktitle = {Proceedings of the 11th International Conference on Ubiquitous Computing},
 series = {Ubicomp '09},
 year = {2009},
 isbn = {978-1-60558-431-7},
 location = {Orlando, Florida, USA},
 pages = {93--96},
 numpages = {4},
 url = {http://doi.acm.org/10.1145/1620545.1620560},
 doi = {10.1145/1620545.1620560},
 acmid = {1620560},
 publisher = {ACM},
 address = {New York, NY, USA},
 keywords = {ins-based positioning, odometry, indoor positioning, pedestrian navigation, simultaneous localization and mapping},
}

@inproceedings{Woodman:Pedestrian_Localisation:Foot-mounted,
 author = {Woodman, Oliver and Harle, Robert},
 title = {Pedestrian Localisation for Indoor Environments},
 booktitle = {Proceedings of the 10th International Conference on Ubiquitous Computing},
 series = {UbiComp '08},
 year = {2008},
 isbn = {978-1-60558-136-1},
 location = {Seoul, Korea},
 pages = {114--123},
 numpages = {10},
 url = {http://doi.acm.org/10.1145/1409635.1409651},
 doi = {10.1145/1409635.1409651},
 acmid = {1409651},
 publisher = {ACM},
 address = {New York, NY, USA},
 keywords = {inertial tracking, localisation, particle filters},
}

@inproceedings{levinson2007map,
  title={Map-Based Precision Vehicle Localization in Urban Environments.},
  author={Levinson, Jesse and Montemerlo, Michael and Thrun, Sebastian},
  booktitle={Robotics: Science and Systems},
  year={2007},
  organization={Citeseer}
}

@INPROCEEDINGS{probabilistic_maps,
author={Levinson, J. and Thrun, S.},
booktitle={Robotics and Automation (ICRA), 2010 IEEE International Conference on},
title={Robust vehicle localization in urban environments using probabilistic maps},
year={2010},
pages={4372-4378},
keywords={Gaussian distribution;navigation;probability;road vehicles;Bayesian inference;GPS-based inertial guidance systems;Gaussian distribution;IMU;LIDAR;SLAM;autonomous vehicle navigation;dynamic urban environment;high-resolution infrared remittance ground map;probabilistic grid;probabilistic maps;robust vehicle localization;spatial grid;Bayesian methods;Gaussian distribution;Global Positioning System;Laser radar;Mobile robots;Navigation;Reflectivity;Remotely operated vehicles;Robustness;Vehicle dynamics},
doi={10.1109/ROBOT.2010.5509700},
ISSN={1050-4729},}

@inproceedings{Push_the_Limit,
 author = {Liu, Hongbo and Gan, Yu and Yang, Jie and Sidhom, Simon and Wang, Yan and Chen, Yingying and Ye, Fan},
 title = {Push the Limit of WiFi Based Localization for Smartphones},
 booktitle = {Proceedings of the 18th Annual International Conference on Mobile Computing and Networking},
 series = {Mobicom '12},
 year = {2012},
 isbn = {978-1-4503-1159-5},
 location = {Istanbul, Turkey},
 pages = {305--316},
 numpages = {12},
 url = {http://doi.acm.org/10.1145/2348543.2348581},
 doi = {10.1145/2348543.2348581},
 acmid = {2348581},
 publisher = {ACM},
 address = {New York, NY, USA},
 keywords = {peer assisted localization, smartphone, wifi fingerprint localization},
}

@inproceedings{Chintalapudi:Without_the_Pain,
 author = {Chintalapudi, Krishna and Padmanabha Iyer, Anand and Padmanabhan, Venkata N.},
 title = {Indoor Localization Without the Pain},
 booktitle = {Proceedings of the Sixteenth Annual International Conference on Mobile Computing and Networking},
 series = {MobiCom '10},
 year = {2010},
 isbn = {978-1-4503-0181-7},
 location = {Chicago, Illinois, USA},
 pages = {173--184},
 numpages = {12},
 url = {http://doi.acm.org/10.1145/1859995.1860016},
 doi = {10.1145/1859995.1860016},
 acmid = {1860016},
 publisher = {ACM},
 address = {New York, NY, USA},
 keywords = {calibration-free, indoor localization, wifi},
}

@INPROCEEDINGS{Bahl:RADAR,
author={Bahl, P. and Padmanabhan, V.N.},
booktitle={INFOCOM 2000. Nineteenth Annual Joint Conference of the IEEE Computer and Communications Societies. Proceedings. IEEE},
title={RADAR: an in-building RF-based user location and tracking system},
year={2000},
volume={2},
pages={775-784 vol.2},
keywords={mobile computing;radio tracking;radiowave propagation;signal processing;wireless LAN;RADAR;RF-based tracking system;in-building tracking system;local-area wireless networks;location-aware systems;mobile computing devices;multiple base stations;overlapping coverage;signal propagation modeling;signal strength processing;user location;Base stations;Computer networks;Global Positioning System;Mobile computing;Radar signal processing;Radar tracking;Radio frequency;Signal processing;Wireless LAN;Wireless networks},
doi={10.1109/INFCOM.2000.832252},
ISSN={0743-166X},}

@inproceedings{Choudhury:SurroundSense,
 author = {Azizyan, Martin and Constandache, Ionut and Roy Choudhury, Romit},
 title = {SurroundSense: Mobile Phone Localization via Ambience Fingerprinting},
 booktitle = {Proceedings of the 15th Annual International Conference on Mobile Computing and Networking},
 series = {MobiCom '09},
 year = {2009},
 isbn = {978-1-60558-702-8},
 location = {Beijing, China},
 pages = {261--272},
 numpages = {12},
 url = {http://doi.acm.org/10.1145/1614320.1614350},
 doi = {10.1145/1614320.1614350},
 acmid = {1614350},
 publisher = {ACM},
 address = {New York, NY, USA},
 keywords = {context, fingerprinting, localization, mobile phones},
}

@inproceedings{Horus,
 author = {Youssef, Moustafa and Agrawala, Ashok},
 title = {The Horus WLAN Location Determination System},
 booktitle = {Proceedings of the 3rd International Conference on Mobile Systems, Applications, and Services},
 series = {MobiSys '05},
 year = {2005},
 isbn = {1-931971-31-5},
 location = {Seattle, Washington},
 pages = {205--218},
 numpages = {14},
 url = {http://doi.acm.org/10.1145/1067170.1067193},
 doi = {10.1145/1067170.1067193},
 acmid = {1067193},
 publisher = {ACM},
 address = {New York, NY, USA},
}

@book{probabilistic,
  title={Probabilistic robotics},
  author={Thrun, Sebastian and Burgard, Wolfram and Fox, Dieter and others},
  volume={1},
  year={2005},
  publisher={MIT press Cambridge}
}

@inproceedings{WiFi-SLAM,
  title={WiFi-SLAM Using Gaussian Process Latent Variable Models.},
  author={Ferris, Brian and Fox, Dieter and Lawrence, Neil D},
  booktitle={IJCAI},
  volume={7},
  pages={2480--2485},
  year={2007}
}

@article{MCL,
  title={Monte carlo localization: Efficient position estimation for mobile robots},
  author={Fox, Dieter and Burgard, Wolfram and Dellaert, Frank and Thrun, Sebastian},
  journal={AAAI/IAAI},
  volume={1999},
  pages={343--349},
  year={1999}
}

@article{MCLrobust,
  title={Robust Monte Carlo localization for mobile robots},
  author={Thrun, Sebastian and Fox, Dieter and Burgard, Wolfram and Dellaert, Frank},
  journal={Artificial intelligence},
  volume={128},
  number={1},
  pages={99--141},
  year={2001},
  publisher={Elsevier}
}

@inproceedings{FastSLAM,
  title={FastSLAM: A factored solution to the simultaneous localization and mapping problem},
  author={Montemerlo, Michael and Thrun, Sebastian and Koller, Daphne and Wegbreit, Ben},
  booktitle={AAAI/IAAI},
  pages={593--598},
  year={2002}
}


@inproceedings{Acoustic_Background_Spectrum,
 author = {Tarzia, Stephen P. and Dinda, Peter A. and Dick, Robert P. and Memik, Gokhan},
 title = {Indoor Localization Without Infrastructure Using the Acoustic Background Spectrum},
 booktitle = {Proceedings of the 9th International Conference on Mobile Systems, Applications, and Services},
 series = {MobiSys '11},
 year = {2011},
 isbn = {978-1-4503-0643-0},
 location = {Bethesda, Maryland, USA},
 pages = {155--168},
 numpages = {14},
 url = {http://doi.acm.org/10.1145/1999995.2000011},
 doi = {10.1145/1999995.2000011},
 acmid = {2000011},
 publisher = {ACM},
 address = {New York, NY, USA},
 keywords = {fingerprinting, localization, mobile systems, sound},
}

@inproceedings{Yang:Car_Speakers,
 author = {Yang, Jie and Sidhom, Simon and Chandrasekaran, Gayathri and Vu, Tam and Liu, Hongbo and Cecan, Nicolae and Chen, Yingying and Gruteser, Marco and Martin, Richard P.},
 title = {Detecting Driver Phone Use Leveraging Car Speakers},
 booktitle = {Proceedings of the 17th Annual International Conference on Mobile Computing and Networking},
 series = {MobiCom '11},
 year = {2011},
 isbn = {978-1-4503-0492-4},
 location = {Las Vegas, Nevada, USA},
 pages = {97--108},
 numpages = {12},
 url = {http://doi.acm.org/10.1145/2030613.2030625},
 doi = {10.1145/2030613.2030625},
 acmid = {2030625},
 publisher = {ACM},
 address = {New York, NY, USA},
 keywords = {acoustic ranging, bluetooth, car speakers, driving safety, location classification, smartphone},
}

@inproceedings{Wang:2013_Driver_Phone_Use,
 author = {Wang, Yan and Yang, Jie and Liu, Hongbo and Chen, Yingying and Gruteser, Marco and Martin, Richard P.},
 title = {Sensing Vehicle Dynamics for Determining Driver Phone Use},
 booktitle = {Proceeding of the 11th Annual International Conference on Mobile Systems, Applications, and Services},
 series = {MobiSys '13},
 year = {2013},
 isbn = {978-1-4503-1672-9},
 location = {Taipei, Taiwan},
 pages = {41--54},
 numpages = {14},
 url = {http://doi.acm.org/10.1145/2462456.2464447},
 doi = {10.1145/2462456.2464447},
 acmid = {2464447},
 publisher = {ACM},
 address = {New York, NY, USA},
 keywords = {accelerometer, driver phone detection, driving safety, gyroscope, smartphone},
}

@inproceedings{Mohan:Nericell,
 author = {Mohan, Prashanth and Padmanabhan, Venkata N. and Ramjee, Ramachandran},
 title = {Nericell: Using Mobile Smartphones for Rich Monitoring of Road and Traffic Conditions},
 booktitle = {Proceedings of the 6th ACM Conference on Embedded Network Sensor Systems},
 series = {SenSys '08},
 year = {2008},
 isbn = {978-1-59593-990-6},
 location = {Raleigh, NC, USA},
 pages = {357--358},
 numpages = {2},
 url = {http://doi.acm.org/10.1145/1460412.1460450},
 doi = {10.1145/1460412.1460450},
 acmid = {1460450},
 publisher = {ACM},
 address = {New York, NY, USA},
 keywords = {mobile phones, roads, sensing, traffic},
}

@inproceedings{Thiagarajan:2010,
 author = {Thiagarajan, Arvind and Biagioni, James and Gerlich, Tomas and Eriksson, Jakob},
 title = {Cooperative Transit Tracking Using Smart-phones},
 booktitle = {Proceedings of the 8th ACM Conference on Embedded Networked Sensor Systems},
 series = {SenSys '10},
 year = {2010},
 isbn = {978-1-4503-0344-6},
 location = {Z\&\#252;rich, Switzerland},
 pages = {85--98},
 numpages = {14},
 url = {http://doi.acm.org/10.1145/1869983.1869993},
 doi = {10.1145/1869983.1869993},
 acmid = {1869993},
 publisher = {ACM},
 address = {New York, NY, USA},
 keywords = {activity classification, bus, crowd-sourcing, power management, public transit, public transportation, realtime tracking, smartphone, subway},
}

@inproceedings{ParkSense,
 author = {Nawaz, Sarfraz and Efstratiou, Christos and Mascolo, Cecilia},
 title = {ParkSense: A Smartphone Based Sensing System for On-street Parking},
 booktitle = {Proceedings of the 19th Annual International Conference on Mobile Computing \&\#38; Networking},
 series = {MobiCom '13},
 year = {2013},
 isbn = {978-1-4503-1999-7},
 location = {Miami, Florida, USA},
 pages = {75--86},
 numpages = {12},
 url = {http://doi.acm.org/10.1145/2500423.2500438},
 doi = {10.1145/2500423.2500438},
 acmid = {2500438},
 publisher = {ACM},
 address = {New York, NY, USA},
 keywords = {Wi-Fi fingerprinting, on-street parking, smartphone sensing},
}

@inproceedings{Lindqvist:Undistracted_Driving,
 author = {Lindqvist, Janne and Hong, Jason},
 title = {Undistracted Driving: A Mobile Phone That Doesn'T Distract},
 booktitle = {Proceedings of the 12th Workshop on Mobile Computing Systems and Applications},
 series = {HotMobile '11},
 year = {2011},
 isbn = {978-1-4503-0649-2},
 location = {Phoenix, Arizona},
 pages = {70--75},
 numpages = {6},
 url = {http://doi.acm.org/10.1145/2184489.2184504},
 doi = {10.1145/2184489.2184504},
 acmid = {2184504},
 publisher = {ACM},
 address = {New York, NY, USA},
 keywords = {context-aware communications, distracted driving, human interruptibility, mobile phones},
}

@article{WreckWatch,
 author = {White, Jules and Thompson, Chris and Turner, Hamilton and Dougherty, Brian and Schmidt, Douglas C.},
 title = {WreckWatch: Automatic Traffic Accident Detection and Notification with Smartphones},
 journal = {Mob. Netw. Appl.},
 issue_date = {June      2011},
 volume = {16},
 number = {3},
 month = jun,
 year = {2011},
 issn = {1383-469X},
 pages = {285--303},
 numpages = {19},
 url = {http://dx.doi.org/10.1007/s11036-011-0304-8},
 doi = {10.1007/s11036-011-0304-8},
 acmid = {1997797},
 publisher = {Springer-Verlag New York, Inc.},
 address = {Secaucus, NJ, USA},
 keywords = {cyber-physical systems, mobile cyber-physical systems, smartphones, traffic accident detection},
}

@inproceedings{CarSafe,
 author = {You, Chuang-Wen and Lane, Nicholas D. and Chen, Fanglin and Wang, Rui and Chen, Zhenyu and Bao, Thomas J. and Montes-de-Oca, Martha and Cheng, Yuting and Lin, Mu and Torresani, Lorenzo and Campbell, Andrew T.},
 title = {CarSafe App: Alerting Drowsy and Distracted Drivers Using Dual Cameras on Smartphones},
 booktitle = {Proceeding of the 11th Annual International Conference on Mobile Systems, Applications, and Services},
 series = {MobiSys '13},
 year = {2013},
 isbn = {978-1-4503-1672-9},
 location = {Taipei, Taiwan},
 pages = {461--462},
 numpages = {2},
 url = {http://doi.acm.org/10.1145/2462456.2466711},
 doi = {10.1145/2462456.2466711},
 acmid = {2466711},
 publisher = {ACM},
 address = {New York, NY, USA},
 keywords = {driver safety, dual-camera sensing, smartphone sensing},
}

@inproceedings{Virtual_Trip_Lines,
 author = {Hoh, Baik and Gruteser, Marco and Herring, Ryan and Ban, Jeff and Work, Daniel and Herrera, Juan-Carlos and Bayen, Alexandre M. and Annavaram, Murali and Jacobson, Quinn},
 title = {Virtual Trip Lines for Distributed Privacy-preserving Traffic Monitoring},
 booktitle = {Proceedings of the 6th International Conference on Mobile Systems, Applications, and Services},
 series = {MobiSys '08},
 year = {2008},
 isbn = {978-1-60558-139-2},
 location = {Breckenridge, CO, USA},
 pages = {15--28},
 numpages = {14},
 url = {http://doi.acm.org/10.1145/1378600.1378604},
 doi = {10.1145/1378600.1378604},
 acmid = {1378604},
 publisher = {ACM},
 address = {New York, NY, USA},
 keywords = {data integrity, gps, privacy, traffic},
}

@inproceedings{VTrack,
 author = {Thiagarajan, Arvind and Ravindranath, Lenin and LaCurts, Katrina and Madden, Samuel and Balakrishnan, Hari and Toledo, Sivan and Eriksson, Jakob},
 title = {VTrack: Accurate, Energy-aware Road Traffic Delay Estimation Using Mobile Phones},
 booktitle = {Proceedings of the 7th ACM Conference on Embedded Networked Sensor Systems},
 series = {SenSys '09},
 year = {2009},
 isbn = {978-1-60558-519-2},
 location = {Berkeley, California},
 pages = {85--98},
 numpages = {14},
 url = {http://doi.acm.org/10.1145/1644038.1644048},
 doi = {10.1145/1644038.1644048},
 acmid = {1644048},
 publisher = {ACM},
 address = {New York, NY, USA},
 keywords = {GPS, car, congestion, energy, localization, location, mobile, phone, sensor, traffic, transportation},
}

@inproceedings{Vehicular_Speed,
 author = {Chandrasekaran, Gayathri and Vu, Tam and Varshavsky, Alexander and Gruteser, Marco and Martin, Richard P. and Yang, Jie and Chen, Yingying},
 title = {Vehicular Speed Estimation Using Received Signal Strength from Mobile Phones},
 booktitle = {Proceedings of the 12th ACM International Conference on Ubiquitous Computing},
 series = {Ubicomp '10},
 year = {2010},
 isbn = {978-1-60558-843-8},
 location = {Copenhagen, Denmark},
 pages = {237--240},
 numpages = {4},
 url = {http://doi.acm.org/10.1145/1864349.1864386},
 doi = {10.1145/1864349.1864386},
 acmid = {1864386},
 publisher = {ACM},
 address = {New York, NY, USA},
 keywords = {correlation, received signal strength (rss)},
}

@inproceedings{signal_profile,
 author={Chandrasekaran, G. and Tam Vu and Varshavsky, A. and Gruteser, M. and Martin, R.P. and Jie Yang and Yingying Chen},
 booktitle={Pervasive Computing and Communications (PerCom), 2011 IEEE International Conference on},
 title={Tracking vehicular speed variations by warping mobile phone signal strengths},
 year={2011},
 month={March},
 pages={213-221},
 keywords={cellular radio;mobile handsets;telecommunication traffic;tracking;GPS;GSM;derivative dynamic time warping;mobile phone signal strength;path loss;shadow fading component;speed tracking technique;tracking vehicular speed variation;traffic engineering;Estimation;Euclidean distance;Heuristic algorithms;Roads;Testing;Training;Vehicles},
 doi={10.1109/PERCOM.2011.5767589},}

@misc{my_car_parking,
  title = "{My car parking}",
  note = "https://play.google.com/store/apps/details?
  id=com.logictree.park",
}

@misc{car_smart,
  title = "{Find my car smarter}",
  note = "https://itunes.apple.com/cn/app/find-my-car-smarter-pro/id480619632?mt=8",
}


@misc{sfpark,
  title = "{SFpark}",
  note = "http://sfpark.org/how-it-works/the-sensors/",
}

@misc{icarpark,
  title = "{iCarPark}",
  note = "https://itunes.apple.com/us/app/icarpark/id305690042?mt=8",
}

@misc{car_finder,
  title = "{Car Finder AR}",
  note = "https://play.google.com/store/apps/details?

  id=net.androoid.carxare",
}

@misc{carlocator,
  title = "{Car Locator}",
  note = "https://play.google.com/store/apps/details?

  id=com.edwardkim.android.carlocatorfull",
}

@misc{mesh_network,
  title = "{Parking sensors mesh network}",
  note = "http://www.streetline.com/parking-analytics/parking-sensors-mesh-network/",
}



@inproceedings{bahl00radar,
    author = {P. Bahl and V. N. Padmanabhan},
    title = {{RADAR}: An In-Building {RF}-Based User Location and Tracking System},
    booktitle = {IEEE INFOCOM},
    year = 2000
}

@inproceedings{youssef2005horus,
 author = {Youssef, Moustafa and Agrawala, Ashok},
 title = {The Horus WLAN location determination system},
 booktitle = {ACM MobiSys},
 year = {2005},
}

@article{Lamport:LaTeX,
author = {Lamport},
title = {sdfsdf},
journal = {alejdfsdhf},
volume = {20},
number = {123},
year = {2014},
}
@article{bowman:reasoning,
author = {Lamport},
title = {sdfsdf},
journal = {alejdfsdhf},
volume = {20},
number = {123},
year = {2014},
}
@article{clark:pct,
author = {Lamport},
title = {sdfsdf},
journal = {alejdfsdhf},
volume = {20},
number = {123},
year = {2014},
}

@article{braams:babel,
author = {Lamport},
title = {sdfsdf},
journal = {alejdfsdhf},
volume = {20},
number = {123},
year = {2014},
}
@article{herlihy:methodology,
author = {Lamport},
title = {sdfsdf},
journal = {alejdfsdhf},
volume = {20},
number = {123},
year = {2014},
}
@article{salas:calculus,
author = {Lamport},
title = {sdfsdf},
journal = {alejdfsdhf},
volume = {20},
number = {123},
year = {2014},
}
